%NETMAP
	@MISC{netmap-slides,
		author = "L. Rizzo",
		title = "Netmap slides",
		year = "2012 [cit.~2014-07-15]",
		howpublished = "{\url{http://info.iet.unipi.it/~luigi/netmap/slides.html}}",
	}

%MRT
    @MISC{rfc6396,
      author =       "L. Blunk and M. Karir and Merit Network and C. Labovitz and Deepfield Networks",
      title =        "RFC 6396: Multi-Threaded Routing Toolkit (MRT) Routing Information Export Format",
      year =         "2011 [cit.~2014-07-30]",
      howpublished = "{\url{http://www.rfc-editor.org/rfc/rfc6396.txt}}",
    }


%40GBE
	@MISC{10gea-toe,
		author = "10 Gigabit Ethernet Alliance",
		title = "TCP/IP offload Engine TOE",
		year = "2010 [cit.~2014-09-01]",
		howpublished = "{\url{http://www.10gea.org/whitepapers/tcpip-offload-engine-toe/}}"
	}
	@MISC{ieee-802.3ba,
		author = "IEEE Computer Society",
		title = "IEEE Std 802.3ba-2010",
		year = "2010 [cit.~2014-09-03]",
		howpublished = "{\url{http://standards.ieee.org/getieee802/download/802.3ba-2010.pdf}}"
	}
	@MISC{ethernetalliance-jumbo-frames,
		author = "Ethernet Alliance",
		title = "Ethernet Jumbo Frames",
		year = "2009 [cit.~2014-09-02]",
		howpublished = "{\url{http://www.ethernetalliance.org/wp-content/uploads/2011/10/EA-Ethernet-Jumbo-Frames-v0-1.pdf}}"
	}
	@MISC{jls2009-gro,
		author = "Jonathan Corbet",
		title = "JLS2009: Generic receive offload",
		year = "2009 [cit.~2014-09-01]",
		howpublished = "{\url{https://lwn.net/Articles/358910/}}"
	}

%LINUX
	@MISC{linux-by-numbers,
		author = "S. Shankland",
		title = "Linux development by the numbers: Big and getting bigger",
		year = "2013 [cit.~2014-09-01]",
		howpublished = "{\url{http://www.cnet.com/news/linux-development-by-the-numbers-big-and-getting-bigger/}}"
	}
	@MISC{linux-foundation-napi,
		author = "Linux Foundation",
		title = "Napi",
		year = "2009 [cit.~2014-08-30]",
		howpublished = "{\url{http://www.linuxfoundation.org/collaborate/workgroups/networking/napi}},"
	}
	@BOOK{linux-kernel-networking,
		author = "R. Rosen",
		title = "Linux Kernel Networking - Implementation and Theory",
		publisher = "Apress",
		year = "2014",
		note = "ISBN-978-1-4302-6197-1"
	}
	@MISC{haifux-lecture,
		author = "R. Rosen",
		title = "Linux Kernel Networking",
		year = "2007 [cit.~2014-09-02]",
		howpublished = "{\url{http://www.haifux.org/lectures/172/netLec.pdf}}"
	}
	@MISC{linux-and-tcp-offload-engines,
		author = "Jonathan Corbet",
		title = "Linux and TCP offload engines",
		year = "2005 [cit.~2014-09-03]",
		howpublished = "{\url{http://lwn.net/Articles/148697/}}"
	}
	@MISC{low-latency-ethernet-device-polling,
		author = "Jonathan Corbe",
		title = "Low-latency Ethernet device polling",
		year = "2013 [cit.~2014-09-03]",
		howpublished = "{\url{http://lwn.net/Articles/551284/}}"
	}

%SETUP
	@MISC{mellanox-user-manual,
		author = "Mellanox Technologies",
		title = "MLNX\_EN for Linux User Manual Rev 2.2-1.0.1",
		year = "2014 [cit.~2014-09-03]",
		howpublished = "{\url{http://www.mellanox.com/related-docs/prod_software/Mellanox_EN_for_Linux_User_Manual_v2_2-1_0_1.pdf}}"
	}
	@MISC{mellanox-product-brief,
		author = "Mellanox Technologies",
		title = "ConnectX-3 EN - Ethernet Adpater Cards Product Brief",
		year = "2014 [cit.~2014-09-03]",
		howpublished = "{\url{http://www.mellanox.com/related-docs/prod_adapter_cards/PB_ConnectX3_EN_Card.pdf}}"
	}
	@MISC{pcie-tutorial-1,
		author = "Xillybus Ltd.",
		title = "Down to the TLP: How PCI express devices talk (Part I)",
		year = "2014 [cit.~2014-09-03]",
		howpublished = "{\url{http://xillybus.com/tutorials/pci-express-tlp-pcie-primer-tutorial-guide-1}}"
	}
